%YAML 1.1
%TAG !u! tag:unity3d.com,2011:
--- !u!1001 &100100000
Prefab:
  m_ObjectHideFlags: 1
  serializedVersion: 2
  m_Modification:
    m_TransformParent: {fileID: 0}
    m_Modifications: []
    m_RemovedComponents: []
  m_SourcePrefab: {fileID: 0}
  m_RootGameObject: {fileID: 1130842467219288}
  m_IsPrefabAsset: 1
--- !u!1 &1084056830044976
GameObject:
  m_ObjectHideFlags: 0
  m_CorrespondingSourceObject: {fileID: 0}
  m_PrefabInternal: {fileID: 100100000}
  serializedVersion: 6
  m_Component:
  - component: {fileID: 4573613509200174}
  - component: {fileID: 33188210708298550}
  - component: {fileID: 23644858507638288}
  - component: {fileID: 65933026429783120}
  m_Layer: 0
  m_Name: Cube (2)
  m_TagString: Untagged
  m_Icon: {fileID: 0}
  m_NavMeshLayer: 0
  m_StaticEditorFlags: 0
  m_IsActive: 1
--- !u!1 &1102079949721292
GameObject:
  m_ObjectHideFlags: 0
  m_CorrespondingSourceObject: {fileID: 0}
  m_PrefabInternal: {fileID: 100100000}
  serializedVersion: 6
  m_Component:
  - component: {fileID: 4655234228015824}
  - component: {fileID: 33097146242922552}
  - component: {fileID: 23349342741281784}
  - component: {fileID: 65238245483560474}
  m_Layer: 0
  m_Name: Cube (4)
  m_TagString: Untagged
  m_Icon: {fileID: 0}
  m_NavMeshLayer: 0
  m_StaticEditorFlags: 0
  m_IsActive: 1
--- !u!1 &1130842467219288
GameObject:
  m_ObjectHideFlags: 0
  m_CorrespondingSourceObject: {fileID: 0}
  m_PrefabInternal: {fileID: 100100000}
  serializedVersion: 6
  m_Component:
  - component: {fileID: 4062871051072032}
  - component: {fileID: 114884928723104294}
  - component: {fileID: 114245245490736078}
  m_Layer: 0
  m_Name: Shelves
  m_TagString: Untagged
  m_Icon: {fileID: 0}
  m_NavMeshLayer: 0
  m_StaticEditorFlags: 0
  m_IsActive: 1
--- !u!1 &1191642489653330
GameObject:
  m_ObjectHideFlags: 0
  m_CorrespondingSourceObject: {fileID: 0}
  m_PrefabInternal: {fileID: 100100000}
  serializedVersion: 6
  m_Component:
  - component: {fileID: 4437410949984524}
  m_Layer: 0
  m_Name: SpawnPoint_L1
  m_TagString: Untagged
  m_Icon: {fileID: 0}
  m_NavMeshLayer: 0
  m_StaticEditorFlags: 0
  m_IsActive: 1
--- !u!1 &1379606990433194
GameObject:
  m_ObjectHideFlags: 0
  m_CorrespondingSourceObject: {fileID: 0}
  m_PrefabInternal: {fileID: 100100000}
  serializedVersion: 6
  m_Component:
  - component: {fileID: 4246734457535532}
  m_Layer: 0
  m_Name: SpawnPoint_L3
  m_TagString: Untagged
  m_Icon: {fileID: 0}
  m_NavMeshLayer: 0
  m_StaticEditorFlags: 0
  m_IsActive: 1
--- !u!1 &1454054504810340
GameObject:
  m_ObjectHideFlags: 0
  m_CorrespondingSourceObject: {fileID: 0}
  m_PrefabInternal: {fileID: 100100000}
  serializedVersion: 6
  m_Component:
  - component: {fileID: 4756318786815006}
  - component: {fileID: 23686143384225598}
  - component: {fileID: 102630221028900670}
  m_Layer: 0
  m_Name: Desc_L1
  m_TagString: Untagged
  m_Icon: {fileID: 0}
  m_NavMeshLayer: 0
  m_StaticEditorFlags: 0
  m_IsActive: 1
--- !u!1 &1531212370028570
GameObject:
  m_ObjectHideFlags: 0
  m_CorrespondingSourceObject: {fileID: 0}
  m_PrefabInternal: {fileID: 100100000}
  serializedVersion: 6
  m_Component:
  - component: {fileID: 4845514986045462}
  - component: {fileID: 23004642310894282}
  - component: {fileID: 102538066785746322}
  m_Layer: 0
  m_Name: Desc_R3
  m_TagString: Untagged
  m_Icon: {fileID: 0}
  m_NavMeshLayer: 0
  m_StaticEditorFlags: 0
  m_IsActive: 1
--- !u!1 &1637145636562730
GameObject:
  m_ObjectHideFlags: 0
  m_CorrespondingSourceObject: {fileID: 0}
  m_PrefabInternal: {fileID: 100100000}
  serializedVersion: 6
  m_Component:
  - component: {fileID: 4957047349308912}
  - component: {fileID: 33644492518842502}
  - component: {fileID: 23601722035367992}
  - component: {fileID: 65311850525183630}
  m_Layer: 0
  m_Name: Cube
  m_TagString: Untagged
  m_Icon: {fileID: 0}
  m_NavMeshLayer: 0
  m_StaticEditorFlags: 0
  m_IsActive: 1
--- !u!1 &1642489517391558
GameObject:
  m_ObjectHideFlags: 0
  m_CorrespondingSourceObject: {fileID: 0}
  m_PrefabInternal: {fileID: 100100000}
  serializedVersion: 6
  m_Component:
  - component: {fileID: 4413210731238530}
  - component: {fileID: 23620066893155052}
  - component: {fileID: 102682001089695594}
  m_Layer: 0
  m_Name: Desc_R2
  m_TagString: Untagged
  m_Icon: {fileID: 0}
  m_NavMeshLayer: 0
  m_StaticEditorFlags: 0
  m_IsActive: 1
--- !u!1 &1656385001687936
GameObject:
  m_ObjectHideFlags: 0
  m_CorrespondingSourceObject: {fileID: 0}
  m_PrefabInternal: {fileID: 100100000}
  serializedVersion: 6
  m_Component:
  - component: {fileID: 4923611027899956}
  m_Layer: 0
  m_Name: SpawnPoint_L2
  m_TagString: Untagged
  m_Icon: {fileID: 0}
  m_NavMeshLayer: 0
  m_StaticEditorFlags: 0
  m_IsActive: 1
--- !u!1 &1669522387973080
GameObject:
  m_ObjectHideFlags: 0
  m_CorrespondingSourceObject: {fileID: 0}
  m_PrefabInternal: {fileID: 100100000}
  serializedVersion: 6
  m_Component:
  - component: {fileID: 4381667451005608}
  - component: {fileID: 23244230684215380}
  - component: {fileID: 102780001514642634}
  m_Layer: 0
  m_Name: Desc_R1
  m_TagString: Untagged
  m_Icon: {fileID: 0}
  m_NavMeshLayer: 0
  m_StaticEditorFlags: 0
  m_IsActive: 1
--- !u!1 &1676063909639616
GameObject:
  m_ObjectHideFlags: 0
  m_CorrespondingSourceObject: {fileID: 0}
  m_PrefabInternal: {fileID: 100100000}
  serializedVersion: 6
  m_Component:
  - component: {fileID: 4336071497057082}
  - component: {fileID: 33583023034199562}
  - component: {fileID: 23960169508793662}
  - component: {fileID: 65889199303805202}
  m_Layer: 0
  m_Name: Cube (1)
  m_TagString: Untagged
  m_Icon: {fileID: 0}
  m_NavMeshLayer: 0
  m_StaticEditorFlags: 0
  m_IsActive: 1
--- !u!1 &1696004885144498
GameObject:
  m_ObjectHideFlags: 0
  m_CorrespondingSourceObject: {fileID: 0}
  m_PrefabInternal: {fileID: 100100000}
  serializedVersion: 6
  m_Component:
  - component: {fileID: 4805128933340090}
  m_Layer: 0
  m_Name: SpawnPoint_R3
  m_TagString: Untagged
  m_Icon: {fileID: 0}
  m_NavMeshLayer: 0
  m_StaticEditorFlags: 0
  m_IsActive: 1
--- !u!1 &1747279296073500
GameObject:
  m_ObjectHideFlags: 0
  m_CorrespondingSourceObject: {fileID: 0}
  m_PrefabInternal: {fileID: 100100000}
  serializedVersion: 6
  m_Component:
  - component: {fileID: 4066442962837954}
  m_Layer: 0
  m_Name: SpawnPoint_R1
  m_TagString: Untagged
  m_Icon: {fileID: 0}
  m_NavMeshLayer: 0
  m_StaticEditorFlags: 0
  m_IsActive: 1
--- !u!1 &1834097481879846
GameObject:
  m_ObjectHideFlags: 0
  m_CorrespondingSourceObject: {fileID: 0}
  m_PrefabInternal: {fileID: 100100000}
  serializedVersion: 6
  m_Component:
  - component: {fileID: 4894073368744238}
  m_Layer: 0
  m_Name: SpawnPoint_R2
  m_TagString: Untagged
  m_Icon: {fileID: 0}
  m_NavMeshLayer: 0
  m_StaticEditorFlags: 0
  m_IsActive: 1
--- !u!1 &1856122797802816
GameObject:
  m_ObjectHideFlags: 0
  m_CorrespondingSourceObject: {fileID: 0}
  m_PrefabInternal: {fileID: 100100000}
  serializedVersion: 6
  m_Component:
  - component: {fileID: 4749264118129220}
  - component: {fileID: 33104786141025856}
  - component: {fileID: 23419849980805048}
  - component: {fileID: 65936447652964776}
  m_Layer: 0
  m_Name: Cube (3)
  m_TagString: Untagged
  m_Icon: {fileID: 0}
  m_NavMeshLayer: 0
  m_StaticEditorFlags: 0
  m_IsActive: 0
--- !u!1 &1910743928418872
GameObject:
  m_ObjectHideFlags: 0
  m_CorrespondingSourceObject: {fileID: 0}
  m_PrefabInternal: {fileID: 100100000}
  serializedVersion: 6
  m_Component:
  - component: {fileID: 4624810323290196}
  - component: {fileID: 23488878617480142}
  - component: {fileID: 102268366815293810}
  m_Layer: 0
  m_Name: Desc_L2
  m_TagString: Untagged
  m_Icon: {fileID: 0}
  m_NavMeshLayer: 0
  m_StaticEditorFlags: 0
  m_IsActive: 1
--- !u!1 &1994948699849210
GameObject:
  m_ObjectHideFlags: 0
  m_CorrespondingSourceObject: {fileID: 0}
  m_PrefabInternal: {fileID: 100100000}
  serializedVersion: 6
  m_Component:
  - component: {fileID: 4781121507493936}
  - component: {fileID: 23032449482359546}
  - component: {fileID: 102916588983068188}
  m_Layer: 0
  m_Name: Desc_L3
  m_TagString: Untagged
  m_Icon: {fileID: 0}
  m_NavMeshLayer: 0
  m_StaticEditorFlags: 0
  m_IsActive: 1
--- !u!4 &4062871051072032
Transform:
  m_ObjectHideFlags: 1
  m_CorrespondingSourceObject: {fileID: 0}
  m_PrefabInternal: {fileID: 100100000}
  m_GameObject: {fileID: 1130842467219288}
  m_LocalRotation: {x: 0, y: 0, z: 0, w: 1}
  m_LocalPosition: {x: 0, y: 0, z: -40}
  m_LocalScale: {x: 1, y: 1, z: 1}
  m_Children:
  - {fileID: 4957047349308912}
  - {fileID: 4336071497057082}
  - {fileID: 4573613509200174}
  - {fileID: 4749264118129220}
  - {fileID: 4655234228015824}
  - {fileID: 4437410949984524}
  - {fileID: 4923611027899956}
  - {fileID: 4246734457535532}
  - {fileID: 4066442962837954}
  - {fileID: 4894073368744238}
  - {fileID: 4805128933340090}
  - {fileID: 4756318786815006}
  - {fileID: 4624810323290196}
  - {fileID: 4781121507493936}
  - {fileID: 4381667451005608}
  - {fileID: 4413210731238530}
  - {fileID: 4845514986045462}
  m_Father: {fileID: 0}
  m_RootOrder: 0
  m_LocalEulerAnglesHint: {x: 0, y: 0, z: 0}
--- !u!4 &4066442962837954
Transform:
  m_ObjectHideFlags: 1
  m_CorrespondingSourceObject: {fileID: 0}
  m_PrefabInternal: {fileID: 100100000}
  m_GameObject: {fileID: 1747279296073500}
  m_LocalRotation: {x: 0, y: 0.7071068, z: 0, w: 0.7071068}
  m_LocalPosition: {x: 0.25, y: 1, z: 0}
  m_LocalScale: {x: 1, y: 1, z: 1}
  m_Children: []
  m_Father: {fileID: 4062871051072032}
  m_RootOrder: 8
  m_LocalEulerAnglesHint: {x: 0, y: 90, z: 0}
--- !u!4 &4246734457535532
Transform:
  m_ObjectHideFlags: 1
  m_CorrespondingSourceObject: {fileID: 0}
  m_PrefabInternal: {fileID: 100100000}
  m_GameObject: {fileID: 1379606990433194}
  m_LocalRotation: {x: -0, y: -0.7071068, z: -0, w: 0.7071068}
  m_LocalPosition: {x: -0.25, y: 3, z: 0}
  m_LocalScale: {x: 1.0000005, y: 1, z: 1.0000005}
  m_Children: []
  m_Father: {fileID: 4062871051072032}
  m_RootOrder: 7
  m_LocalEulerAnglesHint: {x: 0, y: -90, z: 0}
--- !u!4 &4336071497057082
Transform:
  m_ObjectHideFlags: 1
  m_CorrespondingSourceObject: {fileID: 0}
  m_PrefabInternal: {fileID: 100100000}
  m_GameObject: {fileID: 1676063909639616}
  m_LocalRotation: {x: -0, y: -0, z: -0, w: 1}
  m_LocalPosition: {x: 0, y: 1.5, z: 0}
  m_LocalScale: {x: 1, y: 0.1, z: 2}
  m_Children: []
  m_Father: {fileID: 4062871051072032}
  m_RootOrder: 1
  m_LocalEulerAnglesHint: {x: 0, y: 0, z: 0}
--- !u!4 &4381667451005608
Transform:
  m_ObjectHideFlags: 1
  m_CorrespondingSourceObject: {fileID: 0}
  m_PrefabInternal: {fileID: 100100000}
  m_GameObject: {fileID: 1669522387973080}
  m_LocalRotation: {x: 0.09229593, y: -0.7010574, z: 0.09229593, w: 0.7010574}
  m_LocalPosition: {x: 0.55, y: 0.5, z: 0}
  m_LocalScale: {x: 0.0075, y: 0.0075, z: 0.0075}
  m_Children: []
  m_Father: {fileID: 4062871051072032}
  m_RootOrder: 14
  m_LocalEulerAnglesHint: {x: 15, y: -90, z: 0}
--- !u!4 &4413210731238530
Transform:
  m_ObjectHideFlags: 1
  m_CorrespondingSourceObject: {fileID: 0}
  m_PrefabInternal: {fileID: 100100000}
  m_GameObject: {fileID: 1642489517391558}
  m_LocalRotation: {x: 0.09229593, y: -0.7010574, z: 0.09229593, w: 0.7010574}
  m_LocalPosition: {x: 0.55, y: 1.5, z: 0}
  m_LocalScale: {x: 0.0075, y: 0.0075, z: 0.0075}
  m_Children: []
  m_Father: {fileID: 4062871051072032}
  m_RootOrder: 15
  m_LocalEulerAnglesHint: {x: 15, y: -90, z: 0}
--- !u!4 &4437410949984524
Transform:
  m_ObjectHideFlags: 1
  m_CorrespondingSourceObject: {fileID: 0}
  m_PrefabInternal: {fileID: 100100000}
  m_GameObject: {fileID: 1191642489653330}
  m_LocalRotation: {x: 0, y: -0.7071068, z: 0, w: 0.7071068}
  m_LocalPosition: {x: -0.25, y: 1, z: 0}
  m_LocalScale: {x: 1, y: 1, z: 1}
  m_Children: []
  m_Father: {fileID: 4062871051072032}
  m_RootOrder: 5
  m_LocalEulerAnglesHint: {x: 0, y: -90, z: 0}
--- !u!4 &4573613509200174
Transform:
  m_ObjectHideFlags: 1
  m_CorrespondingSourceObject: {fileID: 0}
  m_PrefabInternal: {fileID: 100100000}
  m_GameObject: {fileID: 1084056830044976}
  m_LocalRotation: {x: -0, y: -0, z: -0, w: 1}
  m_LocalPosition: {x: 0, y: 2.5, z: 0}
  m_LocalScale: {x: 1, y: 0.099999994, z: 2}
  m_Children: []
  m_Father: {fileID: 4062871051072032}
  m_RootOrder: 2
  m_LocalEulerAnglesHint: {x: 0, y: 0, z: 0}
--- !u!4 &4624810323290196
Transform:
  m_ObjectHideFlags: 1
  m_CorrespondingSourceObject: {fileID: 0}
  m_PrefabInternal: {fileID: 100100000}
  m_GameObject: {fileID: 1910743928418872}
  m_LocalRotation: {x: 0.09229593, y: 0.7010574, z: -0.09229593, w: 0.7010574}
  m_LocalPosition: {x: -0.55, y: 1.5, z: 0}
  m_LocalScale: {x: 0.0075, y: 0.0075, z: 0.0075}
  m_Children: []
  m_Father: {fileID: 4062871051072032}
  m_RootOrder: 12
  m_LocalEulerAnglesHint: {x: 15, y: 90, z: 0}
--- !u!4 &4655234228015824
Transform:
  m_ObjectHideFlags: 1
  m_CorrespondingSourceObject: {fileID: 0}
  m_PrefabInternal: {fileID: 100100000}
  m_GameObject: {fileID: 1102079949721292}
  m_LocalRotation: {x: -0, y: -0, z: -0, w: 1}
  m_LocalPosition: {x: 0, y: 0.5, z: 0}
  m_LocalScale: {x: 1, y: 0.099999994, z: 2}
  m_Children: []
  m_Father: {fileID: 4062871051072032}
  m_RootOrder: 4
  m_LocalEulerAnglesHint: {x: 0, y: 0, z: 0}
--- !u!4 &4749264118129220
Transform:
  m_ObjectHideFlags: 1
  m_CorrespondingSourceObject: {fileID: 0}
  m_PrefabInternal: {fileID: 100100000}
  m_GameObject: {fileID: 1856122797802816}
  m_LocalRotation: {x: -0, y: -0, z: -0, w: 1}
  m_LocalPosition: {x: 0, y: 3.5, z: 0}
  m_LocalScale: {x: 1, y: 0.099999994, z: 2}
  m_Children: []
  m_Father: {fileID: 4062871051072032}
  m_RootOrder: 3
  m_LocalEulerAnglesHint: {x: 0, y: 0, z: 0}
--- !u!4 &4756318786815006
Transform:
  m_ObjectHideFlags: 1
  m_CorrespondingSourceObject: {fileID: 0}
  m_PrefabInternal: {fileID: 100100000}
  m_GameObject: {fileID: 1454054504810340}
  m_LocalRotation: {x: 0.09229593, y: 0.7010574, z: -0.09229593, w: 0.7010574}
  m_LocalPosition: {x: -0.55, y: 0.5, z: 0}
  m_LocalScale: {x: 0.0075, y: 0.0075, z: 0.0075}
  m_Children: []
  m_Father: {fileID: 4062871051072032}
  m_RootOrder: 11
  m_LocalEulerAnglesHint: {x: 15, y: 90, z: 0}
--- !u!4 &4781121507493936
Transform:
  m_ObjectHideFlags: 1
  m_CorrespondingSourceObject: {fileID: 0}
  m_PrefabInternal: {fileID: 100100000}
  m_GameObject: {fileID: 1994948699849210}
  m_LocalRotation: {x: 0.09229593, y: 0.7010574, z: -0.09229593, w: 0.7010574}
  m_LocalPosition: {x: -0.55, y: 2.5, z: 0}
  m_LocalScale: {x: 0.0075, y: 0.0075, z: 0.0075}
  m_Children: []
  m_Father: {fileID: 4062871051072032}
  m_RootOrder: 13
  m_LocalEulerAnglesHint: {x: 15, y: 90, z: 0}
--- !u!4 &4805128933340090
Transform:
  m_ObjectHideFlags: 1
  m_CorrespondingSourceObject: {fileID: 0}
  m_PrefabInternal: {fileID: 100100000}
  m_GameObject: {fileID: 1696004885144498}
  m_LocalRotation: {x: -0, y: 0.7071068, z: -0, w: 0.7071068}
  m_LocalPosition: {x: 0.25, y: 3, z: 0}
  m_LocalScale: {x: 1.0000005, y: 1, z: 1.0000005}
  m_Children: []
  m_Father: {fileID: 4062871051072032}
  m_RootOrder: 10
  m_LocalEulerAnglesHint: {x: 0, y: 90, z: 0}
--- !u!4 &4845514986045462
Transform:
  m_ObjectHideFlags: 1
  m_CorrespondingSourceObject: {fileID: 0}
  m_PrefabInternal: {fileID: 100100000}
  m_GameObject: {fileID: 1531212370028570}
  m_LocalRotation: {x: 0.09229593, y: -0.7010574, z: 0.09229593, w: 0.7010574}
  m_LocalPosition: {x: 0.55, y: 2.5, z: 0}
  m_LocalScale: {x: 0.0075, y: 0.0075, z: 0.0075}
  m_Children: []
  m_Father: {fileID: 4062871051072032}
  m_RootOrder: 16
  m_LocalEulerAnglesHint: {x: 15, y: -90, z: 0}
--- !u!4 &4894073368744238
Transform:
  m_ObjectHideFlags: 1
  m_CorrespondingSourceObject: {fileID: 0}
  m_PrefabInternal: {fileID: 100100000}
  m_GameObject: {fileID: 1834097481879846}
  m_LocalRotation: {x: 0, y: 0.7071068, z: 0, w: 0.7071068}
  m_LocalPosition: {x: 0.25, y: 2, z: 0}
  m_LocalScale: {x: 1, y: 1, z: 1}
  m_Children: []
  m_Father: {fileID: 4062871051072032}
  m_RootOrder: 9
  m_LocalEulerAnglesHint: {x: 0, y: 90, z: 0}
--- !u!4 &4923611027899956
Transform:
  m_ObjectHideFlags: 1
  m_CorrespondingSourceObject: {fileID: 0}
  m_PrefabInternal: {fileID: 100100000}
  m_GameObject: {fileID: 1656385001687936}
  m_LocalRotation: {x: 0, y: -0.7071068, z: 0, w: 0.7071068}
  m_LocalPosition: {x: -0.25, y: 2, z: 0}
  m_LocalScale: {x: 1, y: 1, z: 1}
  m_Children: []
  m_Father: {fileID: 4062871051072032}
  m_RootOrder: 6
  m_LocalEulerAnglesHint: {x: 0, y: -90, z: 0}
--- !u!4 &4957047349308912
Transform:
  m_ObjectHideFlags: 1
  m_CorrespondingSourceObject: {fileID: 0}
  m_PrefabInternal: {fileID: 100100000}
  m_GameObject: {fileID: 1637145636562730}
  m_LocalRotation: {x: -0, y: -0, z: -0, w: 1}
  m_LocalPosition: {x: 0, y: 1.5, z: 0}
  m_LocalScale: {x: 0.1, y: 3, z: 2}
  m_Children: []
  m_Father: {fileID: 4062871051072032}
  m_RootOrder: 0
  m_LocalEulerAnglesHint: {x: 0, y: 0, z: 0}
--- !u!23 &23004642310894282
MeshRenderer:
  m_ObjectHideFlags: 1
  m_CorrespondingSourceObject: {fileID: 0}
  m_PrefabInternal: {fileID: 100100000}
  m_GameObject: {fileID: 1531212370028570}
  m_Enabled: 1
  m_CastShadows: 1
  m_ReceiveShadows: 1
  m_DynamicOccludee: 1
  m_MotionVectors: 1
  m_LightProbeUsage: 1
  m_ReflectionProbeUsage: 1
  m_RenderingLayerMask: 4294967295
  m_Materials:
  - {fileID: 2100000, guid: 5d27b67de7b184d0f9c90145a0fdc899, type: 2}
  m_StaticBatchInfo:
    firstSubMesh: 0
    subMeshCount: 0
  m_StaticBatchRoot: {fileID: 0}
  m_ProbeAnchor: {fileID: 0}
  m_LightProbeVolumeOverride: {fileID: 0}
  m_ScaleInLightmap: 1
  m_PreserveUVs: 0
  m_IgnoreNormalsForChartDetection: 0
  m_ImportantGI: 0
  m_StitchLightmapSeams: 0
  m_SelectedEditorRenderState: 3
  m_MinimumChartSize: 4
  m_AutoUVMaxDistance: 0.5
  m_AutoUVMaxAngle: 89
  m_LightmapParameters: {fileID: 0}
  m_SortingLayerID: 0
  m_SortingLayer: 0
  m_SortingOrder: 0
--- !u!23 &23032449482359546
MeshRenderer:
  m_ObjectHideFlags: 1
  m_CorrespondingSourceObject: {fileID: 0}
  m_PrefabInternal: {fileID: 100100000}
  m_GameObject: {fileID: 1994948699849210}
  m_Enabled: 1
  m_CastShadows: 1
  m_ReceiveShadows: 1
  m_DynamicOccludee: 1
  m_MotionVectors: 1
  m_LightProbeUsage: 1
  m_ReflectionProbeUsage: 1
  m_RenderingLayerMask: 4294967295
  m_Materials:
  - {fileID: 2100000, guid: 5d27b67de7b184d0f9c90145a0fdc899, type: 2}
  m_StaticBatchInfo:
    firstSubMesh: 0
    subMeshCount: 0
  m_StaticBatchRoot: {fileID: 0}
  m_ProbeAnchor: {fileID: 0}
  m_LightProbeVolumeOverride: {fileID: 0}
  m_ScaleInLightmap: 1
  m_PreserveUVs: 0
  m_IgnoreNormalsForChartDetection: 0
  m_ImportantGI: 0
  m_StitchLightmapSeams: 0
  m_SelectedEditorRenderState: 3
  m_MinimumChartSize: 4
  m_AutoUVMaxDistance: 0.5
  m_AutoUVMaxAngle: 89
  m_LightmapParameters: {fileID: 0}
  m_SortingLayerID: 0
  m_SortingLayer: 0
  m_SortingOrder: 0
--- !u!23 &23244230684215380
MeshRenderer:
  m_ObjectHideFlags: 1
  m_CorrespondingSourceObject: {fileID: 0}
  m_PrefabInternal: {fileID: 100100000}
  m_GameObject: {fileID: 1669522387973080}
  m_Enabled: 1
  m_CastShadows: 1
  m_ReceiveShadows: 1
  m_DynamicOccludee: 1
  m_MotionVectors: 1
  m_LightProbeUsage: 1
  m_ReflectionProbeUsage: 1
  m_RenderingLayerMask: 4294967295
  m_Materials:
  - {fileID: 2100000, guid: 5d27b67de7b184d0f9c90145a0fdc899, type: 2}
  m_StaticBatchInfo:
    firstSubMesh: 0
    subMeshCount: 0
  m_StaticBatchRoot: {fileID: 0}
  m_ProbeAnchor: {fileID: 0}
  m_LightProbeVolumeOverride: {fileID: 0}
  m_ScaleInLightmap: 1
  m_PreserveUVs: 0
  m_IgnoreNormalsForChartDetection: 0
  m_ImportantGI: 0
  m_StitchLightmapSeams: 0
  m_SelectedEditorRenderState: 3
  m_MinimumChartSize: 4
  m_AutoUVMaxDistance: 0.5
  m_AutoUVMaxAngle: 89
  m_LightmapParameters: {fileID: 0}
  m_SortingLayerID: 0
  m_SortingLayer: 0
  m_SortingOrder: 0
--- !u!23 &23349342741281784
MeshRenderer:
  m_ObjectHideFlags: 1
  m_CorrespondingSourceObject: {fileID: 0}
  m_PrefabInternal: {fileID: 100100000}
  m_GameObject: {fileID: 1102079949721292}
  m_Enabled: 1
  m_CastShadows: 1
  m_ReceiveShadows: 1
  m_DynamicOccludee: 1
  m_MotionVectors: 1
  m_LightProbeUsage: 1
  m_ReflectionProbeUsage: 1
  m_RenderingLayerMask: 4294967295
  m_Materials:
  - {fileID: 2100000, guid: fe2dcd4ae29fb44569aca2f9fe13730a, type: 2}
  m_StaticBatchInfo:
    firstSubMesh: 0
    subMeshCount: 0
  m_StaticBatchRoot: {fileID: 0}
  m_ProbeAnchor: {fileID: 0}
  m_LightProbeVolumeOverride: {fileID: 0}
  m_ScaleInLightmap: 1
  m_PreserveUVs: 0
  m_IgnoreNormalsForChartDetection: 0
  m_ImportantGI: 0
  m_StitchLightmapSeams: 0
  m_SelectedEditorRenderState: 3
  m_MinimumChartSize: 4
  m_AutoUVMaxDistance: 0.5
  m_AutoUVMaxAngle: 89
  m_LightmapParameters: {fileID: 0}
  m_SortingLayerID: 0
  m_SortingLayer: 0
  m_SortingOrder: 0
--- !u!23 &23419849980805048
MeshRenderer:
  m_ObjectHideFlags: 1
  m_CorrespondingSourceObject: {fileID: 0}
  m_PrefabInternal: {fileID: 100100000}
  m_GameObject: {fileID: 1856122797802816}
  m_Enabled: 1
  m_CastShadows: 1
  m_ReceiveShadows: 1
  m_DynamicOccludee: 1
  m_MotionVectors: 1
  m_LightProbeUsage: 1
  m_ReflectionProbeUsage: 1
  m_RenderingLayerMask: 4294967295
  m_Materials:
  - {fileID: 2100000, guid: fe2dcd4ae29fb44569aca2f9fe13730a, type: 2}
  m_StaticBatchInfo:
    firstSubMesh: 0
    subMeshCount: 0
  m_StaticBatchRoot: {fileID: 0}
  m_ProbeAnchor: {fileID: 0}
  m_LightProbeVolumeOverride: {fileID: 0}
  m_ScaleInLightmap: 1
  m_PreserveUVs: 0
  m_IgnoreNormalsForChartDetection: 0
  m_ImportantGI: 0
  m_StitchLightmapSeams: 0
  m_SelectedEditorRenderState: 3
  m_MinimumChartSize: 4
  m_AutoUVMaxDistance: 0.5
  m_AutoUVMaxAngle: 89
  m_LightmapParameters: {fileID: 0}
  m_SortingLayerID: 0
  m_SortingLayer: 0
  m_SortingOrder: 0
--- !u!23 &23488878617480142
MeshRenderer:
  m_ObjectHideFlags: 1
  m_CorrespondingSourceObject: {fileID: 0}
  m_PrefabInternal: {fileID: 100100000}
  m_GameObject: {fileID: 1910743928418872}
  m_Enabled: 1
  m_CastShadows: 1
  m_ReceiveShadows: 1
  m_DynamicOccludee: 1
  m_MotionVectors: 1
  m_LightProbeUsage: 1
  m_ReflectionProbeUsage: 1
  m_RenderingLayerMask: 4294967295
  m_Materials:
  - {fileID: 2100000, guid: 5d27b67de7b184d0f9c90145a0fdc899, type: 2}
  m_StaticBatchInfo:
    firstSubMesh: 0
    subMeshCount: 0
  m_StaticBatchRoot: {fileID: 0}
  m_ProbeAnchor: {fileID: 0}
  m_LightProbeVolumeOverride: {fileID: 0}
  m_ScaleInLightmap: 1
  m_PreserveUVs: 0
  m_IgnoreNormalsForChartDetection: 0
  m_ImportantGI: 0
  m_StitchLightmapSeams: 0
  m_SelectedEditorRenderState: 3
  m_MinimumChartSize: 4
  m_AutoUVMaxDistance: 0.5
  m_AutoUVMaxAngle: 89
  m_LightmapParameters: {fileID: 0}
  m_SortingLayerID: 0
  m_SortingLayer: 0
  m_SortingOrder: 0
--- !u!23 &23601722035367992
MeshRenderer:
  m_ObjectHideFlags: 1
  m_CorrespondingSourceObject: {fileID: 0}
  m_PrefabInternal: {fileID: 100100000}
  m_GameObject: {fileID: 1637145636562730}
  m_Enabled: 1
  m_CastShadows: 1
  m_ReceiveShadows: 1
  m_DynamicOccludee: 1
  m_MotionVectors: 1
  m_LightProbeUsage: 1
  m_ReflectionProbeUsage: 1
  m_RenderingLayerMask: 4294967295
  m_Materials:
  - {fileID: 2100000, guid: fe2dcd4ae29fb44569aca2f9fe13730a, type: 2}
  m_StaticBatchInfo:
    firstSubMesh: 0
    subMeshCount: 0
  m_StaticBatchRoot: {fileID: 0}
  m_ProbeAnchor: {fileID: 0}
  m_LightProbeVolumeOverride: {fileID: 0}
  m_ScaleInLightmap: 1
  m_PreserveUVs: 0
  m_IgnoreNormalsForChartDetection: 0
  m_ImportantGI: 0
  m_StitchLightmapSeams: 0
  m_SelectedEditorRenderState: 3
  m_MinimumChartSize: 4
  m_AutoUVMaxDistance: 0.5
  m_AutoUVMaxAngle: 89
  m_LightmapParameters: {fileID: 0}
  m_SortingLayerID: 0
  m_SortingLayer: 0
  m_SortingOrder: 0
--- !u!23 &23620066893155052
MeshRenderer:
  m_ObjectHideFlags: 1
  m_CorrespondingSourceObject: {fileID: 0}
  m_PrefabInternal: {fileID: 100100000}
  m_GameObject: {fileID: 1642489517391558}
  m_Enabled: 1
  m_CastShadows: 1
  m_ReceiveShadows: 1
  m_DynamicOccludee: 1
  m_MotionVectors: 1
  m_LightProbeUsage: 1
  m_ReflectionProbeUsage: 1
  m_RenderingLayerMask: 4294967295
  m_Materials:
  - {fileID: 2100000, guid: 5d27b67de7b184d0f9c90145a0fdc899, type: 2}
  m_StaticBatchInfo:
    firstSubMesh: 0
    subMeshCount: 0
  m_StaticBatchRoot: {fileID: 0}
  m_ProbeAnchor: {fileID: 0}
  m_LightProbeVolumeOverride: {fileID: 0}
  m_ScaleInLightmap: 1
  m_PreserveUVs: 0
  m_IgnoreNormalsForChartDetection: 0
  m_ImportantGI: 0
  m_StitchLightmapSeams: 0
  m_SelectedEditorRenderState: 3
  m_MinimumChartSize: 4
  m_AutoUVMaxDistance: 0.5
  m_AutoUVMaxAngle: 89
  m_LightmapParameters: {fileID: 0}
  m_SortingLayerID: 0
  m_SortingLayer: 0
  m_SortingOrder: 0
--- !u!23 &23644858507638288
MeshRenderer:
  m_ObjectHideFlags: 1
  m_CorrespondingSourceObject: {fileID: 0}
  m_PrefabInternal: {fileID: 100100000}
  m_GameObject: {fileID: 1084056830044976}
  m_Enabled: 1
  m_CastShadows: 1
  m_ReceiveShadows: 1
  m_DynamicOccludee: 1
  m_MotionVectors: 1
  m_LightProbeUsage: 1
  m_ReflectionProbeUsage: 1
  m_RenderingLayerMask: 4294967295
  m_Materials:
  - {fileID: 2100000, guid: fe2dcd4ae29fb44569aca2f9fe13730a, type: 2}
  m_StaticBatchInfo:
    firstSubMesh: 0
    subMeshCount: 0
  m_StaticBatchRoot: {fileID: 0}
  m_ProbeAnchor: {fileID: 0}
  m_LightProbeVolumeOverride: {fileID: 0}
  m_ScaleInLightmap: 1
  m_PreserveUVs: 0
  m_IgnoreNormalsForChartDetection: 0
  m_ImportantGI: 0
  m_StitchLightmapSeams: 0
  m_SelectedEditorRenderState: 3
  m_MinimumChartSize: 4
  m_AutoUVMaxDistance: 0.5
  m_AutoUVMaxAngle: 89
  m_LightmapParameters: {fileID: 0}
  m_SortingLayerID: 0
  m_SortingLayer: 0
  m_SortingOrder: 0
--- !u!23 &23686143384225598
MeshRenderer:
  m_ObjectHideFlags: 1
  m_CorrespondingSourceObject: {fileID: 0}
  m_PrefabInternal: {fileID: 100100000}
  m_GameObject: {fileID: 1454054504810340}
  m_Enabled: 1
  m_CastShadows: 1
  m_ReceiveShadows: 1
  m_DynamicOccludee: 1
  m_MotionVectors: 1
  m_LightProbeUsage: 1
  m_ReflectionProbeUsage: 1
  m_RenderingLayerMask: 4294967295
  m_Materials:
  - {fileID: 2100000, guid: 5d27b67de7b184d0f9c90145a0fdc899, type: 2}
  m_StaticBatchInfo:
    firstSubMesh: 0
    subMeshCount: 0
  m_StaticBatchRoot: {fileID: 0}
  m_ProbeAnchor: {fileID: 0}
  m_LightProbeVolumeOverride: {fileID: 0}
  m_ScaleInLightmap: 1
  m_PreserveUVs: 0
  m_IgnoreNormalsForChartDetection: 0
  m_ImportantGI: 0
  m_StitchLightmapSeams: 0
  m_SelectedEditorRenderState: 3
  m_MinimumChartSize: 4
  m_AutoUVMaxDistance: 0.5
  m_AutoUVMaxAngle: 89
  m_LightmapParameters: {fileID: 0}
  m_SortingLayerID: 0
  m_SortingLayer: 0
  m_SortingOrder: 0
--- !u!23 &23960169508793662
MeshRenderer:
  m_ObjectHideFlags: 1
  m_CorrespondingSourceObject: {fileID: 0}
  m_PrefabInternal: {fileID: 100100000}
  m_GameObject: {fileID: 1676063909639616}
  m_Enabled: 1
  m_CastShadows: 1
  m_ReceiveShadows: 1
  m_DynamicOccludee: 1
  m_MotionVectors: 1
  m_LightProbeUsage: 1
  m_ReflectionProbeUsage: 1
  m_RenderingLayerMask: 4294967295
  m_Materials:
  - {fileID: 2100000, guid: fe2dcd4ae29fb44569aca2f9fe13730a, type: 2}
  m_StaticBatchInfo:
    firstSubMesh: 0
    subMeshCount: 0
  m_StaticBatchRoot: {fileID: 0}
  m_ProbeAnchor: {fileID: 0}
  m_LightProbeVolumeOverride: {fileID: 0}
  m_ScaleInLightmap: 1
  m_PreserveUVs: 0
  m_IgnoreNormalsForChartDetection: 0
  m_ImportantGI: 0
  m_StitchLightmapSeams: 0
  m_SelectedEditorRenderState: 3
  m_MinimumChartSize: 4
  m_AutoUVMaxDistance: 0.5
  m_AutoUVMaxAngle: 89
  m_LightmapParameters: {fileID: 0}
  m_SortingLayerID: 0
  m_SortingLayer: 0
  m_SortingOrder: 0
--- !u!33 &33097146242922552
MeshFilter:
  m_ObjectHideFlags: 1
  m_CorrespondingSourceObject: {fileID: 0}
  m_PrefabInternal: {fileID: 100100000}
  m_GameObject: {fileID: 1102079949721292}
  m_Mesh: {fileID: 10202, guid: 0000000000000000e000000000000000, type: 0}
--- !u!33 &33104786141025856
MeshFilter:
  m_ObjectHideFlags: 1
  m_CorrespondingSourceObject: {fileID: 0}
  m_PrefabInternal: {fileID: 100100000}
  m_GameObject: {fileID: 1856122797802816}
  m_Mesh: {fileID: 10202, guid: 0000000000000000e000000000000000, type: 0}
--- !u!33 &33188210708298550
MeshFilter:
  m_ObjectHideFlags: 1
  m_CorrespondingSourceObject: {fileID: 0}
  m_PrefabInternal: {fileID: 100100000}
  m_GameObject: {fileID: 1084056830044976}
  m_Mesh: {fileID: 10202, guid: 0000000000000000e000000000000000, type: 0}
--- !u!33 &33583023034199562
MeshFilter:
  m_ObjectHideFlags: 1
  m_CorrespondingSourceObject: {fileID: 0}
  m_PrefabInternal: {fileID: 100100000}
  m_GameObject: {fileID: 1676063909639616}
  m_Mesh: {fileID: 10202, guid: 0000000000000000e000000000000000, type: 0}
--- !u!33 &33644492518842502
MeshFilter:
  m_ObjectHideFlags: 1
  m_CorrespondingSourceObject: {fileID: 0}
  m_PrefabInternal: {fileID: 100100000}
  m_GameObject: {fileID: 1637145636562730}
  m_Mesh: {fileID: 10202, guid: 0000000000000000e000000000000000, type: 0}
--- !u!65 &65238245483560474
BoxCollider:
  m_ObjectHideFlags: 1
  m_CorrespondingSourceObject: {fileID: 0}
  m_PrefabInternal: {fileID: 100100000}
  m_GameObject: {fileID: 1102079949721292}
  m_Material: {fileID: 0}
  m_IsTrigger: 0
  m_Enabled: 1
  serializedVersion: 2
  m_Size: {x: 1, y: 1, z: 1}
  m_Center: {x: 0, y: 0, z: 0}
--- !u!65 &65311850525183630
BoxCollider:
  m_ObjectHideFlags: 1
  m_CorrespondingSourceObject: {fileID: 0}
  m_PrefabInternal: {fileID: 100100000}
  m_GameObject: {fileID: 1637145636562730}
  m_Material: {fileID: 0}
  m_IsTrigger: 0
  m_Enabled: 1
  serializedVersion: 2
  m_Size: {x: 1, y: 1, z: 1}
  m_Center: {x: 0, y: 0, z: 0}
--- !u!65 &65889199303805202
BoxCollider:
  m_ObjectHideFlags: 1
  m_CorrespondingSourceObject: {fileID: 0}
  m_PrefabInternal: {fileID: 100100000}
  m_GameObject: {fileID: 1676063909639616}
  m_Material: {fileID: 0}
  m_IsTrigger: 0
  m_Enabled: 1
  serializedVersion: 2
  m_Size: {x: 1, y: 1, z: 1}
  m_Center: {x: 0, y: 0, z: 0}
--- !u!65 &65933026429783120
BoxCollider:
  m_ObjectHideFlags: 1
  m_CorrespondingSourceObject: {fileID: 0}
  m_PrefabInternal: {fileID: 100100000}
  m_GameObject: {fileID: 1084056830044976}
  m_Material: {fileID: 0}
  m_IsTrigger: 0
  m_Enabled: 1
  serializedVersion: 2
  m_Size: {x: 1, y: 1, z: 1}
  m_Center: {x: 0, y: 0, z: 0}
--- !u!65 &65936447652964776
BoxCollider:
  m_ObjectHideFlags: 1
  m_CorrespondingSourceObject: {fileID: 0}
  m_PrefabInternal: {fileID: 100100000}
  m_GameObject: {fileID: 1856122797802816}
  m_Material: {fileID: 0}
  m_IsTrigger: 0
  m_Enabled: 1
  serializedVersion: 2
  m_Size: {x: 1, y: 1, z: 1}
  m_Center: {x: 0, y: 0, z: 0}
--- !u!102 &102268366815293810
TextMesh:
  serializedVersion: 3
  m_ObjectHideFlags: 1
  m_CorrespondingSourceObject: {fileID: 0}
  m_PrefabInternal: {fileID: 100100000}
  m_GameObject: {fileID: 1910743928418872}
  m_Text: '=NAME: #B=

    DESCRIPTION 1

    DESCRIPTION 2'
  m_OffsetZ: 0
  m_CharacterSize: 1
  m_LineSpacing: 1
  m_Anchor: 4
  m_Alignment: 1
  m_TabSize: 4
  m_FontSize: 120
  m_FontStyle: 0
  m_RichText: 1
  m_Font: {fileID: 12800000, guid: e705c24f522264d2e842d3b84a6b6f23, type: 3}
  m_Color:
    serializedVersion: 2
    rgba: 4278190080
--- !u!102 &102538066785746322
TextMesh:
  serializedVersion: 3
  m_ObjectHideFlags: 1
  m_CorrespondingSourceObject: {fileID: 0}
  m_PrefabInternal: {fileID: 100100000}
  m_GameObject: {fileID: 1531212370028570}
  m_Text: '=NAME: #B=

    DESCRIPTION 1

    DESCRIPTION 2'
  m_OffsetZ: 0
  m_CharacterSize: 1
  m_LineSpacing: 1
  m_Anchor: 4
  m_Alignment: 1
  m_TabSize: 4
  m_FontSize: 120
  m_FontStyle: 0
  m_RichText: 1
  m_Font: {fileID: 12800000, guid: e705c24f522264d2e842d3b84a6b6f23, type: 3}
  m_Color:
    serializedVersion: 2
    rgba: 4278190080
--- !u!102 &102630221028900670
TextMesh:
  serializedVersion: 3
  m_ObjectHideFlags: 1
  m_CorrespondingSourceObject: {fileID: 0}
  m_PrefabInternal: {fileID: 100100000}
  m_GameObject: {fileID: 1454054504810340}
  m_Text: '=NAME: #B=

    DESCRIPTION 1

    DESCRIPTION 2'
  m_OffsetZ: 0
  m_CharacterSize: 1
  m_LineSpacing: 1
  m_Anchor: 4
  m_Alignment: 1
  m_TabSize: 4
  m_FontSize: 120
  m_FontStyle: 0
  m_RichText: 1
  m_Font: {fileID: 12800000, guid: e705c24f522264d2e842d3b84a6b6f23, type: 3}
  m_Color:
    serializedVersion: 2
    rgba: 4278190080
--- !u!102 &102682001089695594
TextMesh:
  serializedVersion: 3
  m_ObjectHideFlags: 1
  m_CorrespondingSourceObject: {fileID: 0}
  m_PrefabInternal: {fileID: 100100000}
  m_GameObject: {fileID: 1642489517391558}
  m_Text: '=NAME: #B=

    DESCRIPTION 1

    DESCRIPTION 2'
  m_OffsetZ: 0
  m_CharacterSize: 1
  m_LineSpacing: 1
  m_Anchor: 4
  m_Alignment: 1
  m_TabSize: 4
  m_FontSize: 120
  m_FontStyle: 0
  m_RichText: 1
  m_Font: {fileID: 12800000, guid: e705c24f522264d2e842d3b84a6b6f23, type: 3}
  m_Color:
    serializedVersion: 2
    rgba: 4278190080
--- !u!102 &102780001514642634
TextMesh:
  serializedVersion: 3
  m_ObjectHideFlags: 1
  m_CorrespondingSourceObject: {fileID: 0}
  m_PrefabInternal: {fileID: 100100000}
  m_GameObject: {fileID: 1669522387973080}
  m_Text: '=NAME: #B=

    DESCRIPTION 1

    DESCRIPTION 2'
  m_OffsetZ: 0
  m_CharacterSize: 1
  m_LineSpacing: 1
  m_Anchor: 4
  m_Alignment: 1
  m_TabSize: 4
  m_FontSize: 120
  m_FontStyle: 0
  m_RichText: 1
  m_Font: {fileID: 12800000, guid: e705c24f522264d2e842d3b84a6b6f23, type: 3}
  m_Color:
    serializedVersion: 2
    rgba: 4278190080
--- !u!102 &102916588983068188
TextMesh:
  serializedVersion: 3
  m_ObjectHideFlags: 1
  m_CorrespondingSourceObject: {fileID: 0}
  m_PrefabInternal: {fileID: 100100000}
  m_GameObject: {fileID: 1994948699849210}
  m_Text: '=NAME: #B=

    DESCRIPTION 1

    DESCRIPTION 2'
  m_OffsetZ: 0
  m_CharacterSize: 1
  m_LineSpacing: 1
  m_Anchor: 4
  m_Alignment: 1
  m_TabSize: 4
  m_FontSize: 120
  m_FontStyle: 0
  m_RichText: 1
  m_Font: {fileID: 12800000, guid: e705c24f522264d2e842d3b84a6b6f23, type: 3}
  m_Color:
    serializedVersion: 2
    rgba: 4278190080
--- !u!114 &114245245490736078
MonoBehaviour:
  m_ObjectHideFlags: 1
  m_CorrespondingSourceObject: {fileID: 0}
  m_PrefabInternal: {fileID: 100100000}
  m_GameObject: {fileID: 1130842467219288}
  m_Enabled: 1
  m_EditorHideFlags: 0
  m_Script: {fileID: 11500000, guid: 50e52b2d158ad4f7bac772a3331d3d26, type: 3}
  m_Name: 
  m_EditorClassIdentifier: 
  catLeft: 0
  catRight: 0
  catIndLeft: 000000000000000000000000
  catIndRight: 000000000000000000000000
  spawnsLeft:
  - {fileID: 4437410949984524}
  - {fileID: 4923611027899956}
  - {fileID: 4246734457535532}
  spawnsRight:
  - {fileID: 4066442962837954}
  - {fileID: 4894073368744238}
  - {fileID: 4805128933340090}
  textsLeft:
  - {fileID: 102630221028900670}
  - {fileID: 102268366815293810}
  - {fileID: 102916588983068188}
  textsRight:
  - {fileID: 102780001514642634}
  - {fileID: 102682001089695594}
  - {fileID: 102538066785746322}
  categories:
  - name: Streams
    items:
    - {fileID: 1824521734995728, guid: 3070f78fa52d64066a81fdd93b86042f, type: 2}
    - {fileID: 1914191867525148, guid: 26f05b26d370e4d2fab6911311ed191b, type: 2}
    - {fileID: 1824521734995728, guid: 3070f78fa52d64066a81fdd93b86042f, type: 2}
    - {fileID: 1824521734995728, guid: 3070f78fa52d64066a81fdd93b86042f, type: 2}
    prices: 0a000000960000001900000032000000
    names:
    - Data Extension
    - Cyberflicks Box
    - Cyberflicks Subscription
    - Cyberflicks Ad-Free Coupon
    descriptions:
    - 'A few extra precious GBs of

      data cap to burn through.'
    - 'A dedicated device for the popular

      streaming service Cyberflicks.

      * Subscription req''d.

      * Materialiser req''d to purchase.

      No refunds if manifestation fails.'
    - 'A month of subscription time for

      Cyberflicks.

      * Device req''d.'
    - 'Allows for a week of ad-free viewing

      on Cyberflicks.

      * Subscription + device req''d.'
    covers:
    - {fileID: 2800000, guid: ce79304ccafd948c69318445e92328ee, type: 3}
    - {fileID: 0}
    - {fileID: 2800000, guid: 779932eaadff245dfa6caecedb05a057, type: 3}
    - {fileID: 2800000, guid: dc4d576b5ead2414da97eac5f6f4cecf, type: 3}
    spawnChances:
    - 90
    - 80
    - 90
    - 90
    infectionChances:
    - 10
    - 10
    - 10
    - 10
    countMin: 01000000000000000100000001000000
    countMax: 05000000010000000300000003000000
  - name: Games
    items:
    - {fileID: 1824521734995728, guid: 3070f78fa52d64066a81fdd93b86042f, type: 2}
    - {fileID: 1941861055907986, guid: 48f67a22ed887403cba3ad361c88d258, type: 2}
    - {fileID: 1249044373735854, guid: c2f680ba23569457c8888f5eb6654526, type: 2}
    - {fileID: 1824521734995728, guid: 3070f78fa52d64066a81fdd93b86042f, type: 2}
    - {fileID: 1824521734995728, guid: 3070f78fa52d64066a81fdd93b86042f, type: 2}
    - {fileID: 1824521734995728, guid: 3070f78fa52d64066a81fdd93b86042f, type: 2}
    - {fileID: 1824521734995728, guid: 3070f78fa52d64066a81fdd93b86042f, type: 2}
    - {fileID: 1824521734995728, guid: 3070f78fa52d64066a81fdd93b86042f, type: 2}
    - {fileID: 1824521734995728, guid: 3070f78fa52d64066a81fdd93b86042f, type: 2}
    - {fileID: 1824521734995728, guid: 3070f78fa52d64066a81fdd93b86042f, type: 2}
    prices: 0a000000f4010000c409000046000000460000004600000046000000460000004600000046000000
    names:
    - Data Extension
    - Alternate Console
    - Gaming Deck
    - Plumber Platforms
    - Murderhobo Adventures
    - Powersuit Gal
    - Dragonsoul Murder Simulator
    - Hail of Valor XX
    - 'Indie Gem #13'
    - Block Stacker
    descriptions:
    - 'A few extra precious GBs of

      data cap to burn through.'
    - 'Attachable controllers +

      touchscreen = $$$$

      * No Music Allowed

      * Materialiser req''d to purchase.

      No refunds if manifestation fails.'
    - '16GB of onboard storage!

      2GB of RAM!  BREAKING EDGE!

      * Ancient games only

      * Materialiser req''d to purchase.

      No refunds if manifestation fails.'
    - 'Features lots of castles!

      Please do not eat mushrooms!

      * Alternate Console req''d'
    - 'He just really likes the color

      green, okay?

      * Alternate Console req''d'
    - 'Features monologues from a

      once-silent protagonist!

      * Alternate Console req''d'
    - 'Literally about soul vore!

      RATED O FOR OH GOD WHY

      * Deck-only.  Alternate Console

      version on sale elsewhere.'
    - 'Guns, guns, guns!

      RATED T FOR THE THREAT

      * Deck-only.  All your privacy

      is belong to us.'
    - 'It''s the 12th sequel!

      RATED R FOR REPETITIVE

      * Deck-only.  Please do not

      point parody at face.'
    - 'An ancient classic!

      * ...we don''t even know what

      device this runs on anymore'
    covers:
    - {fileID: 2800000, guid: ce79304ccafd948c69318445e92328ee, type: 3}
    - {fileID: 0}
    - {fileID: 0}
    - {fileID: 2800000, guid: fd1e9773be4934150be74c2a0855326b, type: 3}
    - {fileID: 2800000, guid: c18293429c24a4394a72eb321244057e, type: 3}
    - {fileID: 2800000, guid: d744607a129094c33993c83acf1250c1, type: 3}
    - {fileID: 2800000, guid: 74439a6a2a79c45a980287146b4c1b86, type: 3}
    - {fileID: 2800000, guid: e9e3af5c9e7d848b8ad2b15262fdd286, type: 3}
    - {fileID: 2800000, guid: 731514c07ab7545a0966823720377c2e, type: 3}
    - {fileID: 2800000, guid: dfb6bd12219914d6680f6b4e43ab4f94, type: 3}
    spawnChances:
    - 90
    - 30
    - 60
    - 90
    - 90
    - 90
    - 90
    - 90
    - 70
    - 100
    infectionChances:
    - 10
    - 10
    - 10
    - 10
    - 10
    - 10
    - 30
    - 50
    - 20
    - 0
    countMin: 01000000000000000000000001000000010000000100000001000000010000000100000001000000
    countMax: 05000000010000000100000002000000020000000200000002000000020000000200000002000000
  - name: Utility & Tools
    items:
    - {fileID: 1824521734995728, guid: 3070f78fa52d64066a81fdd93b86042f, type: 2}
    - {fileID: 1824521734995728, guid: 3070f78fa52d64066a81fdd93b86042f, type: 2}
    - {fileID: 1824521734995728, guid: 3070f78fa52d64066a81fdd93b86042f, type: 2}
    - {fileID: 1868268917175354, guid: 158ad5ee783b84a3e842a62c9db20ab8, type: 2}
    - {fileID: 1868268917175354, guid: 158ad5ee783b84a3e842a62c9db20ab8, type: 2}
    - {fileID: 1824521734995728, guid: 3070f78fa52d64066a81fdd93b86042f, type: 2}
    - {fileID: 1911301072371794, guid: a52f4bcef9dca42c09b20ce0a897f1a6, type: 2}
    - {fileID: 1177657930343612, guid: 4e18b699203504e4486dcb0c91744ef8, type: 2}
    prices: c8000000e8030000c8000000fa000000ee020000dc05000029230000b80b0000
    names:
    - Doors - 90 Days
    - 3D Office Min - 90 Days
    - Doors Protector AV - 90 Days
    - Cooperative 1GB USB stick
    - Cooperative 4GB USB stick
    - Cooperative 16GB SSD
    - Cooperative TC-16 Deck
    - Loopy 486 Pocket PC
    descriptions:
    - 'A 90-day license extension for

      the omnipresent Doors OS.

      * Privacy not req''d'
    - 'A 90-day license for the

      legendary 3DO Min 3d

      modeling software.

      * Doors OS req''d.'
    - 'A 90-day license for the

      official Doors antivirus software.

      * Doors OS req''d.

      * Purchase null if infected.'
    - 'A basic 1GB usb 1.0 drive by

      The 006 Cooperative, LLC.

      * Materialiser req''d to purchase.

      No refunds if manifestation fails.'
    - 'An improved 4GB usb 2.0 drive

      by The 006 Cooperative, LLC.

      * Materialiser req''d to purchase.

      No refunds if manifestation fails.'
    - 'A high-quality 16GB SSD

      by The 006 Cooperative, LLC.

      * M.4 4832 port req''d.

      * Materialiser req''d to purchase.

      No refunds if manifestation fails.'
    - 'An unaffordably cool deck made

      by The 006 Cooperative, LLC.

      * Uses TC-16 architecture.

      * Open-Source Everything

      * Materialiser req''d to purchase.

      No refunds if manifestation fails.'
    - 'A high-ish end x86-based

      pocket deck that can run Doors.

      * OS & Software license req''d.

      * Open software not allowed.

      * Materialiser req''d to purchase.

      No refunds if manifestation fails.'
    covers:
    - {fileID: 2800000, guid: 7425441f4d30a4c07aadf0f119ad2d18, type: 3}
    - {fileID: 2800000, guid: 67c6bf76cafb446f18516217e6bdab9a, type: 3}
    - {fileID: 2800000, guid: 2f50999663cad4771a12a83370f66fa3, type: 3}
    - {fileID: 0}
    - {fileID: 0}
    - {fileID: 0}
    - {fileID: 0}
    - {fileID: 0}
    spawnChances:
    - 90
    - 90
    - 90
    - 90
    - 90
    - 90
    - 90
    - 90
    infectionChances:
    - 20
    - 20
    - 50
    - 10
    - 10
    - 10
    - 0
    - 10
    countMin: 0100000001000000010000000000000000000000000000000000000000000000
    countMax: 0300000003000000030000000200000002000000010000000100000001000000
  - name: General Warez
    items:
    - {fileID: 1824521734995728, guid: 3070f78fa52d64066a81fdd93b86042f, type: 2}
    - {fileID: 1824521734995728, guid: 3070f78fa52d64066a81fdd93b86042f, type: 2}
    - {fileID: 1824521734995728, guid: 3070f78fa52d64066a81fdd93b86042f, type: 2}
    - {fileID: 1776905945966518, guid: db8f9b749f28745c2a62791ce0a623b7, type: 2}
    - {fileID: 1824521734995728, guid: 3070f78fa52d64066a81fdd93b86042f, type: 2}
    - {fileID: 1868268917175354, guid: 158ad5ee783b84a3e842a62c9db20ab8, type: 2}
    - {fileID: 1927064794825554, guid: 852a24f474a4049f895d0fe82cbe522a, type: 2}
    - {fileID: 1824521734995728, guid: 3070f78fa52d64066a81fdd93b86042f, type: 2}
    - {fileID: 1110071223111092, guid: 1a5c62c9f7e81437594f77e7a66e0456, type: 2}
    - {fileID: 1824521734995728, guid: 3070f78fa52d64066a81fdd93b86042f, type: 2}
    prices: 05000000320000000500000019000000e80300001900000032000000190000004b00000019000000
    names:
    - Puree-er 2.79.2
    - Harmony 2018.XX.0b5
    - Blueberry Muffin Null
    - A Tiny Tree
    - GPT-Z
    - XUbuntu Install Stick
    - Pile o' blocks
    - Handplates Archive
    - Cool Shades
    - Extra History Archive
    descriptions:
    - 'A hard copy of the FLOSS modeling

      software Puree-er.

      * Pun not well thought-out.

      * IRL version used to make game.'
    - 'A hard copy of the Harmony engine

      from sometime in the year 2018.

      * Pun not super well-thought-out.

      * IRL version 18.2.0b5 used to

      make game.'
    - 'An incredibly cheap computer.

      * Resides on desk as of this writing!

      * One day to protect tiny trees!

      * Materialiser req''d to purchase.

      No refunds if manifestation fails.'
    - 'Aww, look at it!

      * Physical version sold separately

      * Tiny trees are complicated

      * 006 have too many hobbies'
    - 'A super-powerful text gen AI!

      * Requires anything but Doors

      * Side-effects may include:

      > Extensive D&D campaigns

      > Fake news

      > Spontaneous fan-fic'
    - 'Allows installation of XUbuntu

      XX.04 onto an x86-based device.

      * No funny synonyms here

      * IRL version 16.04 used to make game

      * Materialiser req''d to purchase.

      No refunds if manifestation fails.'
    - 'Constructive blocks a-la a

      certain voxel game franchise!

      * Play with on desktop!

      * Materialise for shenanigans!'
    - 'A heart-crushing comic about

      maudlin font skeletons!

      * Your life is skeleton now

      * Future strips not included'
    - 'Improves hand-eye coordination!

      Facial improvement device!

      * There Goes The Thnikka-Reference!

      * Materialiser optional.  Req''d

      to improve real face.'
    - 'Ever worried EH could disappear

      from the ISH one day?  Plan for

      that like von Bismark and get a

      hard copy of it all today!

      * Future episodes not included.'
    covers:
    - {fileID: 2800000, guid: cf62303229c5c415b9fc7f0b064b4e02, type: 3}
    - {fileID: 2800000, guid: 16074843b072448758733027b2370459, type: 3}
    - {fileID: 0}
    - {fileID: 0}
    - {fileID: 2800000, guid: 1edd9d554244846d0a1f96053f5999f5, type: 3}
    - {fileID: 0}
    - {fileID: 0}
    - {fileID: 2800000, guid: a7911a4ae8edf42c4aee6ebb3e6599a5, type: 3}
    - {fileID: 0}
    - {fileID: 2800000, guid: 431593446ecaa48688a944dab53a49ab, type: 3}
    spawnChances:
    - 90
    - 90
    - 60
    - 60
    - 90
    - 90
    - 90
    - 90
    - 80
    - 90
    infectionChances:
    - 10
    - 10
    - 10
    - 10
    - 10
    - 10
    - 10
    - 10
    - 10
    - 10
    countMin: 01000000010000000100000001000000010000000100000001000000010000000100000001000000
    countMax: 01000000010000000200000002000000010000000200000001000000010000000200000001000000
  - name: Music
    items:
    - {fileID: 1824521734995728, guid: 3070f78fa52d64066a81fdd93b86042f, type: 2}
    prices: 0a000000
    names:
    - It's A Music
    descriptions:
    - 'In a loot box or something?

      * 006 are too tired to funny

      * We are so sorry for this

      * Send excessive caffeinated

      citrus drink in glass bottles'
    covers:
    - {fileID: 2800000, guid: 9076b5301ae884c2690737c9103f72d8, type: 3}
    spawnChances:
    - 75
    infectionChances:
    - 20
    countMin: 01000000
    countMax: 05000000
  - name: Refreshments
    items:
    - {fileID: 1418175206888428, guid: 08b3265c527cf47819e0e09117197cd5, type: 2}
    - {fileID: 1303548449717456, guid: 1d8be838ad6674f67b0cfb672f61c50c, type: 2}
    - {fileID: 1947252475386788, guid: 08b183140591e4e659c66b3ef308c9c2, type: 2}
    - {fileID: 1724828345925950, guid: fd049d16b561e4121809fd786cf8d80c, type: 2}
    prices: 05000000050000000500000019000000
    names:
    - 'Gee Tea''s Booch: 16oz'
    - 'K-Veeta Booch: 16oz'
    - 'Basically Natural Booch: 16oz'
    - 'Aqua Mountain Booch: 64oz'
    descriptions:
    - 'Raspberry + lemon + ginger =

      an all-time classic.  Good stuff.

      * Delicious materialised

      fizzy beverage.  16oz.'
    - 'Raspberry + lemon is favored by

      The 006 Cooperative for gamedev.

      * Delicious materialised

      fizzy beverage.  16oz.'
    - 'A light, fruity & refreshing booch

      made with cranberry & apple.

      * Delicious materialised

      fizzy beverage.  16oz.'
    - 'Blackberry is best.

      * Hard to find.

      * Comes w/ 64oz growler.

      * Delicious materialised

      fizzy beverage.  64oz.'
    covers:
    - {fileID: 0}
    - {fileID: 0}
    - {fileID: 0}
    - {fileID: 0}
    spawnChances:
    - 75
    - 75
    - 75
    - 50
    infectionChances:
    - 5
    - 5
    - 5
    - 5
    countMin: 01000000010000000100000001000000
    countMax: 03000000030000000300000001000000
--- !u!114 &114884928723104294
MonoBehaviour:
  m_ObjectHideFlags: 1
  m_CorrespondingSourceObject: {fileID: 0}
  m_PrefabInternal: {fileID: 100100000}
  m_GameObject: {fileID: 1130842467219288}
  m_Enabled: 1
  m_EditorHideFlags: 0
  m_Script: {fileID: 372142912, guid: dc443db3e92b4983b9738c1131f555cb, type: 3}
  m_Name: 
  m_EditorClassIdentifier: 
  m_SceneId:
    m_Value: 0
  m_AssetId:
    i0: 118
    i1: 213
    i2: 91
    i3: 99
    i4: 241
    i5: 204
    i6: 100
    i7: 186
    i8: 58
    i9: 2
    i10: 244
    i11: 117
    i12: 49
    i13: 81
    i14: 237
    i15: 252
  m_ServerOnly: 0
  m_LocalPlayerAuthority: 0
